% Encoding: UTF-8
@Article{NoUma2013,
	author  = {K. Umadevi and P. Vishnu and B. Kailasam},
	title   = {This is second one.},
	journal = {No where.},
	year    = {2013},
	volume  = {3},
	number  = {3},
	pages   = {38--41},
}

@Article{designZhao2011,
  author  = {Peiyi Zhao and Jason McNeely and Weidong Kuang and Nan Wang and Zhongfeng Wang},
  title   = {Design of sequential elements for low power clocking system},
  journal = {International Journal of Science and Research},
  year    = {2011},
  volume  = {19},
  number  = {5},
}

@Article{EfficientUmadevi2013,
  author  = {K. Umadevi and P. Vishnu and B. Kailasam},
  title   = {Efficient Clocking System Using Sequential Elements with Low Power Consumption},
  journal = {International Journal of Engineering Research and Applications},
  year    = {2013},
  volume  = {3},
  number  = {3},
  pages   = {38--41},
}

@Book{StatAmit2018,
	author  = {Amit Awasthi and Second Author},
	title   = {Book of Stat.},
	year    = {2018},
	publisher = {Springer},
	edition = {First}
}
